%% This BibTeX bibliography file was created using BibDesk.
%% http://bibdesk.sourceforge.net/
%% Created for Hari Sundaram at 2016-10-30 16:58:06 -0500
%% Saved with string encoding Unicode (UTF-8)


@misc{barabasi2003linked,
  title={Linked: The new science of networks},
  author={Barab{\'a}si, Albert-L{\'a}szl{\'o}},
  year={2003},
  publisher={AAPT}
}

@inproceedings{fortunato2006approximating,
  title={Approximating PageRank from in-degree},
  author={Fortunato, Santo and Bogu{\~n}{\'a}, Mari{\'a}n and Flammini, Alessandro and Menczer, Filippo},
  booktitle={International Workshop on Algorithms and Models for the Web-Graph},
  pages={59--71},
  year={2006},
  organization={Springer}
}

@article{vazquez2003growing,
  title={Growing network with local rules: Preferential attachment, clustering hierarchy, and degree correlations},
  author={V{\'a}zquez, Alexei},
  journal={Physical Review E},
  volume={67},
  number={5},
  pages={056104},
  year={2003},
  publisher={APS}
}

@book{milgram1974milgram,
  title={Das Milgram-Experiment},
  author={Milgram, Stanley and van Gasteren, L},
  year={1974},
  publisher={Rowohlt Reinbek}
}

@inproceedings{leskovec2008planetary,
  title={Planetary-scale views on a large instant-messaging network},
  author={Leskovec, Jure and Horvitz, Eric},
  booktitle={Proceedings of the 17th international conference on World Wide Web},
  pages={915--924},
  year={2008},
  organization={ACM}
}

@article{gehrke2003overview,
  title={Overview of the 2003 KDD Cup},
  author={Gehrke, Johannes and Ginsparg, Paul and Kleinberg, Jon},
  journal={ACM SIGKDD Explorations Newsletter},
  volume={5},
  number={2},
  pages={149--151},
  year={2003},
  publisher={ACM}
}

@inproceedings{leskovec2005graphs,
  title={Graphs over time: densification laws, shrinking diameters and possible explanations},
  author={Leskovec, Jure and Kleinberg, Jon and Faloutsos, Christos},
  booktitle={Proceedings of the eleventh ACM SIGKDD international conference on Knowledge discovery in data mining},
  pages={177--187},
  year={2005},
  organization={ACM}
}

@article{fowler2008authority,
  title={The authority of Supreme Court precedent},
  author={Fowler, James H and Jeon, Sangick},
  journal={Social networks},
  volume={30},
  number={1},
  pages={16--30},
  year={2008},
  publisher={Elsevier}
}

@article{jeong2003measuring,
  title={Measuring preferential attachment in evolving networks},
  author={Jeong, Hawoong and N{\'e}da, Zoltan and Barab{\'a}si, Albert-L{\'a}szl{\'o}},
  journal={EPL (Europhysics Letters)},
  volume={61},
  number={4},
  pages={567},
  year={2003},
  publisher={IOP Publishing}
}

@article{albert2002statistical,
  title={Statistical mechanics of complex networks},
  author={Albert, R{\'e}ka and Barab{\'a}si, Albert-L{\'a}szl{\'o}},
  journal={Reviews of modern physics},
  volume={74},
  number={1},
  pages={47},
  year={2002},
  publisher={APS}
}

@article{bianconi2014triadic,
  title={Triadic closure as a basic generating mechanism of communities in complex networks},
  author={Bianconi, Ginestra and Darst, Richard K and Iacovacci, Jacopo and Fortunato, Santo},
  journal={Physical Review E},
  volume={90},
  number={4},
  pages={042806},
  year={2014},
  publisher={APS}
}

@article{vazquez2000knowing,
  title={Knowing a network by walking on it: emergence of scaling},
  author={Vazquez, Alexei},
  journal={arXiv preprint cond-mat/0006132},
  year={2000}
}

@article{bianconi2001bose,
  title={Bose-Einstein condensation in complex networks},
  author={Bianconi, Ginestra and Barab{\'a}si, Albert-L{\'a}szl{\'o}},
  journal={Physical review letters},
  volume={86},
  number={24},
  pages={5632},
  year={2001},
  publisher={APS}
}

@article{medo2011temporal,
  title={Temporal effects in the growth of networks},
  author={Medo, Mat{\'u}{\v{s}} and Cimini, Giulio and Gualdi, Stanislao},
  journal={Physical review letters},
  volume={107},
  number={23},
  pages={238701},
  year={2011},
  publisher={APS}
}

@article{wang2013quantifying,
  title={Quantifying long-term scientific impact},
  author={Wang, Dashun and Song, Chaoming and Barab{\'a}si, Albert-L{\'a}szl{\'o}},
  journal={Science},
  volume={342},
  number={6154},
  pages={127--132},
  year={2013},
  publisher={American Association for the Advancement of Science}
}

@article{holme2002growing,
  title={Growing scale-free networks with tunable clustering},
  author={Holme, Petter and Kim, Beom Jun},
  journal={Physical review E},
  volume={65},
  number={2},
  pages={026107},
  year={2002},
  publisher={APS}
}

@article{klemm2002highly,
  title={Highly clustered scale-free networks},
  author={Klemm, Konstantin and Eguiluz, Victor M},
  journal={Physical Review E},
  volume={65},
  number={3},
  pages={036123},
  year={2002},
  publisher={APS}
}

@article{newman2001clustering,
  title={Clustering and preferential attachment in growing networks},
  author={Newman, Mark EJ},
  journal={Physical review E},
  volume={64},
  number={2},
  pages={025102},
  year={2001},
  publisher={APS}
}

@article{mossa2002truncation,
  title={Truncation of power law behavior in “scale-free” network models due to information filtering},
  author={Mossa, Stefano and Barthelemy, Marc and Stanley, H Eugene and Amaral, Luis A Nunes},
  journal={Physical Review Letters},
  volume={88},
  number={13},
  pages={138701},
  year={2002},
  publisher={APS}
}

@inproceedings{blum2006random,
  title={A random-surfer web-graph model},
  author={Blum, Avrim and Chan, TH Hubert and Rwebangira, Mugizi Robert},
  booktitle={2006 Proceedings of the Third Workshop on Analytic Algorithmics and Combinatorics (ANALCO)},
  pages={238--246},
  year={2006},
  organization={SIAM}
}

@inproceedings{blum2006random,
  title={A random-surfer web-graph model},
  author={Blum, Avrim and Chan, TH Hubert and Rwebangira, Mugizi Robert},
  booktitle={2006 Proceedings of the Third Workshop on Analytic Algorithmics and Combinatorics (ANALCO)},
  pages={238--246},
  year={2006},
  organization={SIAM}
}

@inproceedings{herrera2011generating,
  title={Generating scale-free networks with adjustable clustering coefficient via random walks},
  author={Herrera, Carlos and Zufiria, Pedro J},
  booktitle={Network Science Workshop (NSW), 2011 IEEE},
  pages={167--172},
  year={2011},
  organization={IEEE}
}

@article{leskovec2010kronecker,
  title={Kronecker graphs: An approach to modeling networks},
  author={Leskovec, Jure and Chakrabarti, Deepayan and Kleinberg, Jon and Faloutsos, Christos and Ghahramani, Zoubin},
  journal={Journal of Machine Learning Research},
  volume={11},
  number={Feb},
  pages={985--1042},
  year={2010}
}

@article{dorogovtsev2000structure,
  title={Structure of Growing Networks: Exact Solution of the Barab{\'a}si--Albert's Model},
  author={Dorogovtsev, Sergey N and Mendes, Jose Ferreira F and Samukhin, Alexander N},
  journal={arXiv preprint cond-mat/0004434},
  year={2000}
}

@article{kossinets2006empirical,
  title={Empirical analysis of an evolving social network},
  author={Kossinets, Gueorgi and Watts, Duncan J},
  journal={science},
  volume={311},
  number={5757},
  pages={88--90},
  year={2006},
  publisher={American Association for the Advancement of Science}
}

@article{mcpherson2001birds,
  title={Birds of a feather: Homophily in social networks},
  author={McPherson, Miller and Smith-Lovin, Lynn and Cook, James M},
  journal={Annual review of sociology},
  volume={27},
  number={1},
  pages={415--444},
  year={2001},
  publisher={Annual Reviews 4139 El Camino Way, PO Box 10139, Palo Alto, CA 94303-0139, USA}
}

@article{newman2002assortative,
  title={Assortative mixing in networks},
  author={Newman, Mark EJ},
  journal={Physical review letters},
  volume={89},
  number={20},
  pages={208701},
  year={2002},
  publisher={APS}
}

@article{barabasi1999emergence,
  title={Emergence of scaling in random networks},
  author={Barab{\'a}si, Albert-L{\'a}szl{\'o} and Albert, R{\'e}ka},
  journal={science},
  volume={286},
  number={5439},
  pages={509--512},
  year={1999},
  publisher={American Association for the Advancement of Science}
}

@inproceedings{kumar2000stochastic,
  title={Stochastic models for the web graph},
  author={Kumar, Ravi and Raghavan, Prabhakar and Rajagopalan, Sridhar and Sivakumar, D and Tomkins, Andrew and Upfal, Eli},
  booktitle={Foundations of Computer Science, 2000. Proceedings. 41st Annual Symposium on},
  pages={57--65},
  year={2000},
  organization={IEEE}
}

@article{catanzaro2004social,
  title={Social network growth with assortative mixing},
  author={Catanzaro, Michele and Caldarelli, Guido and Pietronero, Luciano},
  journal={Physica A: Statistical Mechanics and its Applications},
  volume={338},
  number={1},
  pages={119--124},
  year={2004},
  publisher={Elsevier}
}

@article{zeng2005construction,
  title={Construction of scale-free networks with partial information},
  author={Zeng, Jianyang and Hsu, Wen-Jing and Zhou, Suiping},
  journal={Lecture notes in computer science},
  volume={3595},
  pages={146},
  year={2005},
  publisher={Springer}
}

@article{wang2009local,
  title={Local preferential attachment model for hierarchical networks},
  author={Wang, Li-Na and Guo, Jin-Li and Yang, Han-Xin and Zhou, Tao},
  journal={Physica A: Statistical Mechanics and its Applications},
  volume={388},
  number={8},
  pages={1713--1720},
  year={2009},
  publisher={Elsevier}
}

@article{watts1998collective,
  title={Collective dynamics of ‘small-world’networks},
  author={Watts, Duncan J and Strogatz, Steven H},
  journal={nature},
  volume={393},
  number={6684},
  pages={440--442},
  year={1998},
  publisher={Nature Publishing Group}
}

@article{easley2010strong,
  title={Strong and weak ties},
  author={Easley, David}
}